/Users/graham/Documents/Papers/Papers.bib